<?xml version="1.0" encoding="utf-8"?>
<record xmlns="http://www.loc.gov/MARC21/slim" xmlns:xsi="http://www.w3.org/2001/XMLSchema-instance" xsi:schemaLocation="http://www.loc.gov/MARC21/slim http://www.loc.gov/standards/marcxml/schema/MARC21slim.xsd">
	<leader>     nam a22     Mi 4500</leader>
	<controlfield tag="001">5961379</controlfield>
	<controlfield tag="003">NNC</controlfield>
	<controlfield tag="006">m        d        </controlfield>
	<controlfield tag="007">cr cn |||m|||a</controlfield>
	<controlfield tag="008">190404s1962    sy ac   ob   f000 0daraod</controlfield>
	<datafield ind1=" " ind2=" " tag="040">
		<subfield code="a">ZYU</subfield>
		<subfield code="b">ara</subfield>
		<subfield code="e">rda</subfield>
		<subfield code="c">ZYU</subfield>
	</datafield>
	<datafield ind1=" " ind2=" " tag="043">
		<subfield code="a">a-sy---</subfield>
	</datafield>
	<datafield ind1=" " ind2="4" tag="050">
		<subfield code="a">ND989.8.M84</subfield>
		<subfield code="b">Q38 1962</subfield>
	</datafield>
	<datafield ind1="1" ind2=" " tag="100">
		<subfield code="6">880-01</subfield>
		<subfield code="a">Qaṭāyah, Salmān.</subfield>
	</datafield>
	<datafield ind1="1" ind2="0" tag="245">
		<subfield code="6">880-02</subfield>
		<subfield code="a">Ḥayāt al-fannān Fatḥī Muḥammad, 1917-1958 /</subfield>
		<subfield code="c">Salmān Qaṭāyah.</subfield>
	</datafield>
	<datafield ind1=" " ind2=" " tag="250">
		<subfield code="6">880-03</subfield>
		<subfield code="a">al-Ṭabʻah 1.</subfield>
	</datafield>
	<datafield ind1=" " ind2=" " tag="260">
		<subfield code="6">880-04</subfield>
		<subfield code="a">Dimashq :</subfield>
		<subfield code="b">al-Fann al-Ḥadīth al-ʻĀlamī,</subfield>
		<subfield code="c">1962.</subfield>
	</datafield>
	<datafield ind1=" " ind2=" " tag="300">
		<subfield code="a">online resource (92 pages) :</subfield>
		<subfield code="b">illustrations, portraits</subfield>
	</datafield>
	<datafield ind1=" " ind2=" " tag="336">
		<subfield code="a">text</subfield>
		<subfield code="2">rdacontent</subfield>
	</datafield>
	<datafield ind1=" " ind2=" " tag="337">
		<subfield code="a">computer</subfield>
		<subfield code="2">rdamedia</subfield>
	</datafield>
	<datafield ind1=" " ind2=" " tag="338">
		<subfield code="a">online resource</subfield>
		<subfield code="2">rdacarrier</subfield>
	</datafield>
	<datafield ind1="1" ind2=" " tag="490">
		<subfield code="6">880-05</subfield>
		<subfield code="a">Silsilah al-fannīyah ;</subfield>
		<subfield code="v">2</subfield>
	</datafield>
	<datafield ind1=" " ind2=" " tag="500">
		<subfield code="a">At head of title: Wizārat al-Thaqāfah wa-al-Irshād al-Qawmī, Mudīrīyat al-Taʼlīf wa-al-Tarjamah.</subfield>
	</datafield>
	<datafield ind1=" " ind2=" " tag="500">
		<subfield code="a">Part of the Arabic Collections Online (ACO) project, contributed by Columbia University Libraries.</subfield>
	</datafield>
	<datafield ind1=" " ind2=" " tag="504">
		<subfield code="a">Includes bibliographical references.</subfield>
	</datafield>
	<datafield ind1=" " ind2=" " tag="533">
		<subfield code="a">Electronic reproduction.</subfield>
		<subfield code="b">New York, N.Y. :</subfield>
		<subfield code="c">New York University,</subfield>
		<subfield code="d">2019.</subfield>
		<subfield code="5">NNU</subfield>
	</datafield>
	<datafield ind1="1" ind2="0" tag="600">
		<subfield code="6">880-06</subfield>
		<subfield code="a">Muḥammad, Fatḥī,</subfield>
		<subfield code="d">1917-1958.</subfield>
	</datafield>
	<datafield ind1=" " ind2="0" tag="650">
		<subfield code="a">Painters</subfield>
		<subfield code="z">Syria</subfield>
		<subfield code="v">Biography.</subfield>
	</datafield>
	<datafield ind1=" " ind2="7" tag="650">
		<subfield code="a">Painters.</subfield>
		<subfield code="2">fast</subfield>
		<subfield code="0">(OCoLC)fst01050530</subfield>
	</datafield>
	<datafield ind1=" " ind2="7" tag="651">
		<subfield code="a">Syria.</subfield>
		<subfield code="2">fast</subfield>
		<subfield code="0">(OCoLC)fst01208757</subfield>
	</datafield>
	<datafield ind1=" " ind2="7" tag="655">
		<subfield code="a">Biography.</subfield>
		<subfield code="2">fast</subfield>
		<subfield code="0">(OCoLC)fst01423686</subfield>
	</datafield>
	<datafield ind1="1" ind2=" " tag="710">
		<subfield code="6">880-07</subfield>
		<subfield code="a">Syria.</subfield>
		<subfield code="b">Wizārat al-Thaqāfah wa-al-Irshād al-Qawmī.</subfield>
		<subfield code="b">Mudīrīyat al-Taʼlīf wa-al-Tarjamah.</subfield>
	</datafield>
	<datafield ind1="2" ind2=" " tag="710">
		<subfield code="a">Columbia University.</subfield>
		<subfield code="b">Libraries.</subfield>
	</datafield>
	<datafield ind1="0" ind2=" " tag="730">
		<subfield code="a">Arabic Collections Online.</subfield>
	</datafield>
	<datafield ind1="0" ind2="8" tag="776">
		<subfield code="i">Print version:</subfield>
		<subfield code="a">Qaṭāyah, Salmān.</subfield>
		<subfield code="t">Ḥayāt al-fannān Fatḥī Muḥammad, 1917-1958</subfield>
		<subfield code="w">(NNC)5961379</subfield>
		<subfield code="w">(OCoLC)29889671</subfield>
	</datafield>
	<datafield ind1=" " ind2="0" tag="830">
		<subfield code="6">880-08</subfield>
		<subfield code="a">Silsilah al-fannīyah (Syria. Wizārat al-Thaqāfah wa-al-Irshād al-Qawmī. Mudīrīyat al-Taʼlīf wa-al-Tarjamah) ;</subfield>
		<subfield code="v">2.</subfield>
	</datafield>
	<datafield ind1="4" ind2="0" tag="856">
		<subfield code="u">http://hdl.handle.net/2333.1/wm37q3x5</subfield>
	</datafield>
	<datafield ind1="1" ind2=" " tag="880">
		<subfield code="6">100-01</subfield>
		<subfield code="a">قطاية، سلمان.</subfield>
	</datafield>
	<datafield ind1="1" ind2="0" tag="880">
		<subfield code="6">245-02</subfield>
		<subfield code="a">حياة الفنان فتحي محمد، ١٩١٧-١٩٥٨ /</subfield>
		<subfield code="c">سلمان قطاية.</subfield>
	</datafield>
	<datafield ind1=" " ind2=" " tag="880">
		<subfield code="6">250-03</subfield>
		<subfield code="a">الطبعة ١.</subfield>
	</datafield>
	<datafield ind1=" " ind2=" " tag="880">
		<subfield code="6">260-04</subfield>
		<subfield code="a">دمشق :</subfield>
		<subfield code="b">الفن الحديث العالمي،</subfield>
		<subfield code="c">١٩٦٢.</subfield>
	</datafield>
	<datafield ind1="1" ind2=" " tag="880">
		<subfield code="6">490-05</subfield>
		<subfield code="a">سلسلة الفنية ؛</subfield>
		<subfield code="v">٢</subfield>
	</datafield>
	<datafield ind1="1" ind2="4" tag="880">
		<subfield code="6">600-06</subfield>
		<subfield code="a">محمد، فتحي.</subfield>
	</datafield>
	<datafield ind1="1" ind2=" " tag="880">
		<subfield code="6">710-07</subfield>
		<subfield code="a">سورية.</subfield>
		<subfield code="b">وزارة الثقافة والإرشاد القومي.</subfield>
		<subfield code="b">مديرية التأليف والترجمة.</subfield>
	</datafield>
	<datafield ind1=" " ind2="0" tag="880">
		<subfield code="6">830-08</subfield>
		<subfield code="a">سلسلة الفنية (سورية. وزارة الثقافة والارشاد القومي. مديرية التأليف والترجمه) ؛</subfield>
		<subfield code="v">2.</subfield>
	</datafield>
	<datafield ind1=" " ind2=" " tag="959">
		<subfield code="a">NNU</subfield>
		<subfield code="b">WEB</subfield>
		<subfield code="c">GENI</subfield>
		<subfield code="t">0</subfield>
		<subfield code="m">Electronic access</subfield>
		<subfield code="s">01</subfield>
	</datafield>
	<datafield ind1=" " ind2=" " tag="999">
		<subfield code="i">NNC_5961379</subfield>
		<subfield code="o">(OCoLC)ocm29889671</subfield>
		<subfield code="s">columbia_aco004056</subfield>
		<subfield code="e">(ERROR-880)</subfield>
		<subfield code="s">columbia_aco004056</subfield>
	</datafield>
</record>
